@article{AlSaadi2022,
   author = {Luma Shihab Al-Saadi and Valentine C. Eze and Adam P. Harvey},
   doi = {10.1080/17597269.2020.1727688},
   issn = {17597277},
   issue = {4},
   journal = {Biofuels},
   keywords = {Biodiesel,Design of Experiments,homogeneous base catalysis,mesoscale oscillatory baffled reactors,techno-economic analysis},
   pages = {401-413},
   publisher = {Taylor and Francis Ltd.},
   title = {A techno-economic analysis based upon a parametric study of alkali-catalysed biodiesel production from feedstocks with high free fatty acid and water contents},
   volume = {13},
   year = {2022},
}
