@article{blais2020lethe,
  title={Lethe: An open-source parallel high-order adaptative CFD solver for incompressible flows},
  author={Blais, Bruno and Barbeau, Lucka and Bibeau, Val{\'e}rie and Gauvin, Simon and El Geitani, Toni and Golshan, Shahab and Kamble, Rajeshwari and Mirakhori, Ghazaleh and Chaouki, Jamal},
  journal={SoftwareX},
  volume={12},
  pages={100579},
  year={2020},
  publisher={Elsevier}
}

@article{golshan2023lethe,
  title={Lethe-DEM: An open-source parallel discrete element solver with load balancing},
  author={Golshan, Shahab and Munch, Peter and Gassm{\"o}ller, Rene and Kronbichler, Martin and Blais, Bruno},
  journal={Computational Particle Mechanics},
  volume={10},
  number={1},
  pages={77--96},
  year={2023},
  publisher={Springer}
}

@article{el2023toward,
  title={Toward high-order CFD-DEM: development and validation},
  author={El Geitani, Toni and Golshan, Shahab and Blais, Bruno},
  journal={Industrial \& Engineering Chemistry Research},
  volume={62},
  number={2},
  pages={1141--1159},
  year={2023},
  publisher={ACS Publications}
}

@book{stroustrup2022tour,
  title={A Tour of C++},
  author={Stroustrup, Bjarne},
  year={2022},
  publisher={Addison-Wesley Professional}
}

@book{alexandrescu2001modern,
  title={Modern C++ design: generic programming and design patterns applied},
  author={Alexandrescu, Andrei},
  year={2001},
  publisher={Addison-Wesley}
}

@article{gamma1995elements,
  title={Elements of reusable object-oriented software},
  author={Gamma, Erich and Helm, Richard and Johnson, Ralph and Vlissides, John and Patterns, Design},
  journal={Design Patterns},
  year={1995}
}